%%%%%%%%%%%%%%%%%%%%%%%%%%%
%                                Vorlagen                                 %
%%%%%%%%%%%%%%%%%%%%%%%%%%%

article{link,
  author	= {and},
  editor	= {},
  journal	= {}, 
  title		= {}, 
  year		= {},
  volume	= {Bd. },
  pages	= {-},
  number	= {},
  doi		= {10.xxxx/xxx},
  url		= {https://},
  label		= {ABC99},
}

website{link,
  title		= {},
  author	= {},
  url		= {https://},
  year		= {},
  lastchecked	= {xx.xx.2022},
  label		= {ABC99},
}

book{link,
  author	= {and},
  editor	= {},
  title 		= {},
  series	= {},
  publisher	= {},
  address	= {},
  edition 	= {x},
  year 		= {20xx},
  isbn 		= {},
  doi		= {10.xxxx/xxx},
  url		= {https://},
  label		= {ABC99},
}

misc{link,
  title			= {},
  author		= {},
  howpublished	= {\url{https://}},
  year			= {},
  note			= {abgerufen am xx.xx.2022},
  label			= {ABC99},
}

%%%%%%%%%%%%%%%%%%%%%%%%%%%
%                          Einleitung                             %
%%%%%%%%%%%%%%%%%%%%%%%%%%%
@website{lcnc:ndp,
  title		= {New Development Platforms Emerge For Customer-Facing Applications},
  author		= {Clay Richardson and John Rymer, {Directorate"=FORRESTER}},
  url 		= {https://www.forrester.com/report/New-Development-Platforms-Emerge-For-CustomerFacing-Applications/RES113411},
  year		= {2022},
  lastchecked	= {10.10.2022},
}

@website{lcnc:lcap,
  title		= {Products In Enterprise Low-Code Application Platforms(LCAP) Market},
  author		= {GARTNER},
  url 		= {https://www.gartner.com/reviews/market/enterprise-low-code-application-platform},
  year		= {2022},
  lastchecked	= {10.10.2022},
}

@website{lcnc:lcp,
  title		= {Low-Code-Plattformen auf einen Blick},
  author		= {Heinrich Vaske, {Directorate"=COMPUTERWOCHE}},
  url 		= {https://www.computerwoche.de/a/low-code-plattformen-auf-einen-blick,3544905},
  year		= {2022},
  lastchecked	= {10.10.2022},
}

@website{lcnc:nclc,
  title		= {Studie No-Code/Low-Code 2022 Licht und Schatten},
  author		= {Andreas Schaffry, {Directorate"=COMPUTERWOCHE}},
  url 		= {https://www.computerwoche.de/a/licht-und-schatten,3553554},
  year		= {2022},
  lastchecked	= {11.10.2022},
}

@website{lcnc:appgyv,
  title		= {AppGyv.},
  author		= {SAP},
  url 		= {https://www.appgyver.com/},
  year		= {2022},
  lastchecked	= {10.10.2022},
}

@website{lcnc:ncp,
  title		= {SAP übernimmt No-Code-Pionier AppGyver},
  author		= {SAP News Center},
  url 		= {https://news.sap.com/germany/2021/02/sap-uebernimmt-no-code-pionier-appgyver/},
  year		= {2021},
  lastchecked	= {11.10.2022},
}

@website{lcnc:appgyvint,
  title		= {Sneak Peek on SAP AppGyver Integration Into SAP BTP},
  author		= {SAP Community},
  url 		= {https://groups.community.sap.com/t5/devtoberfest/sneak-peek-on-sap-appgyver-integration-into-sap-btp/ec-p/8958#M17},
  year		= {2022},
  lastchecked	= {13.10.2022},
}

@website{lcnc:fiori,
  title		= {SAP Fiori Design Guidelines},
  author		= {SAP Fiori Elements},
  url 		= {https://experience.sap.com/fiori-design-web/smart-templates/},
  year		= {2022},
  lastchecked	= {13.10.2022},
}

@website{lcnc:p36,
  title		= {p36 Überblick},
  author		= {p36 GmbH},
  url 		= {https://p36.io/professional-services/sap-consulting/?lang=de},
  year		= {2022},
  lastchecked	= {11.10.2022},
}

%%%%%%%%%%%%%%%%%%%%%%%%%%%
%                          Grundlage                             %
%%%%%%%%%%%%%%%%%%%%%%%%%%%

%%%  10 %%%
@website{lcnc:zlcp,
  title		= {Die Zukunft der Software Entwicklung: Low-Code-Plattformen},
  author	= {Hecker Consulting},
  url 		= {https://www.hco.de/blog/die-zukunft-der-software-entwicklung-low-code-plattformen},
  year		= {2022},
  lastchecked	= {11.11.2022},
}

@website{lcnc:citidev,
  title		= {Citizen Developer},
  author	= {Gartner Glossary,  {Directorate"=Gartner}},
  url 		= {https://www.gartner.com/en/information-technology/glossary/citizen-developer},
  year		= {2022},
  lastchecked	= {11.11.2022},
}

@website{lcnc:llcdpa,
  title		= {228 Listings in Low-Code Development Platforms Available},
  author	= {G2 Overview},
  url 		= {https://www.g2.com/categories/low-code-development-platforms},
  year		= {2022},
  lastchecked	= {11.11.2022},
}

@website{lcnc:lncdpa,
  title		= {289 Listings in No-Code Development Platforms Available},
  author	= {G2 Overview},
  url 		= {https://www.g2.com/categories/no-code-development-platforms},
  year		= {2022},
  lastchecked	= {11.11.2022},
}

@website{lcnc:aesrn,
  title		= {App Engine Studio release notes},
  author	= {ServiceNow Product documentation},
  url 		= {https://docs.servicenow.com/bundle/store-release-notes/page/release-notes/store/platform-app-engine/store-rn-plat-app-engine-aes.html},
  year		= {2022},
  lastchecked	= {17.11.2022},
}

%%%%% 15 %%%%%
@website{lcnc:snflc,
  title		= {ServiceNow fully enters low-code market with App Engine Studio},
  author	= {Coen Van Eenbergen, {Directorate"=TECHZINE}},
  url 		= {https://www.techzine.eu/blogs/applications/56875/servicenow-fully-enters-low-code-market-with-app-engine-studio/},
  year		= {2022},
  lastchecked	= {17.11.2022},
}

@website{lcnc:sfpr,
  title		= {Salesforce Platform Reviews and Product Details},
  author	= {G2},
  url 		= {https://www.g2.com/products/salesforce-platform/reviews},
  year		= {2022},
  lastchecked	= {18.11.2022},
}

@website{sap:lcnc,
  title		= {Getting Started With Low-Code/No-Code and SAP Build},
  author	= {SAP Learning},
  url 		= {https://learning.sap.com/learning-journey/utilize-sap-build-for-low-code-no-code-applications-and-automations-for-citizen-developers/getting-started-with-low-code-no-code-and-sap-build_afaa85b8-93eb-4607-94b8-221c80aa6479},
  year		= {2022},
  lastchecked	= {18.11.2022},
}

@website{appgyver:coman,
  title		= {Community Announcement},
  author	= {AppGyver},
  url 		= {https://forums.appgyver.com/t/community-announcement/19453},
  year		= {2022},
  lastchecked	= {22.11.2022},
}

@book{fiori,
  author	= {Michael Englbrecht},
  title		= {SAP Fiori Implementierung und Entwicklung},
  publisher	= {Rheinwerk Verlag},
  year		= {2020},
  isbn		= {978-3-8362-7268-1},
  edition 	= {3},
}

%%%  20 %%%%
@website{sap:fioriov,
  title		= {SAP Fiori Overview},
  author	= {SAP Fiori Design Guidelines},
  url 		= {https://experience.sap.com/fiori-design-web/sap-fiori/},
  year		= {2022},
  lastchecked	= {23.11.2022},
}

@website{sap:fiorilp,
  title		= {SAP Fiori Launchpad},
  author	= {SAP Fiori Design Guidelines},
  url 		= {https://experience.sap.com/fiori-design-web/launchpad/},
  year		= {2022},
  lastchecked	= {24.11.2022},
}

@book{sapui5,
  author	= {Miroslav Antolovic},
  title		= {Einführung in SAPUI5},
  publisher	= {Rheinwerk Verlag},
  year		= {2016},
  isbn		= {978-3-8362-8901-6},
  edition    = {2},
}

@website{sap:ui5,
  title		= {SAPUI5},
  author	= {SAP Community},
  url 		= {https://community.sap.com/topics/ui5},
  year		= {2022},
  lastchecked	= {25.11.2022},
}

@website{sap:dafe,
  title		= {Developing Apps with SAP Fiori Elements},
  author	= {SAPUI5 Documentation},
  url 		= {https://sapui5.hana.ondemand.com/#/topic/03265b0408e2432c9571d6b3feb6b1fd},
  year		= {2022},
  lastchecked	= {28.11.2022},
}

%%%  25 %%%%
@website{sap:ufef,
  title		= {Using SAP Fiori Elements Floorplans},
  author	= {SAPUI5 Documentation},
  url 		= {https://sapui5.hana.ondemand.com/#/topic/03265b0408e2432c9571d6b3feb6b1fd},
  year		= {2022},
  lastchecked	= {28.11.2022},
}

@website{appgyver:toolbar,
  title		= {Toolbar},
  author	= {AppGyver},
  url 		= {https://docs.appgyver.com/docs/toolbar},
  year		= {2022},
  lastchecked	= {29.11.2022},
}

@website{appgyver:vc,
  title		= {View Components},
  author	= {AppGyver},
  url 		= {https://docs.appgyver.com/docs/view-components},
  year		= {2022},
  lastchecked	= {29.11.2022},
}

@website{appgyver:logic,
  title		= {App logic},
  author	= {AppGyver},
  url 		= {https://docs.appgyver.com/docs/app-logic},
  year		= {2022},
  lastchecked	= {29.11.2022},
}

@website{btp:ov,
  title		= {What Is SAP Business Application Studio},
  author	= {SAP Help Portal},
  url 		= {https://help.sap.com/docs/SAP%20Business%20Application%20Studio/9d1db9835307451daa8c930fbd9ab264/8f46c6e6f86641cc900871c903761fd4.html},
  year		= {2022},
  lastchecked	= {29.11.2022},
}

%%%%% 30 %%%%%
@website{vsc:ov,
  title		= {Overview},
  author	= {Visual Studio Code},
  url 		= {https://code.visualstudio.com/docs},
  year		= {2022},
  lastchecked	= {01.12.2022},
}

@website{wiki:vsc,
  title		= {Visual Studio Code},
  author	= {Wikipedia},
  url 		= {https://de.wikipedia.org/wiki/Visual_Studio_Code},
  year		= {2022},
  lastchecked	= {01.12.2022},
}

@website{vsc:gitcon,
  title		= {Using Git source control in VS Code},
  author	= {Visual Studio Code},
  url 		= {https://code.visualstudio.com/docs/sourcecontrol/overview},
  year		= {2022},
  lastchecked	= {01.12.2022},
}

@website{vsc:tb,
  title		= {Terminal Basics},
  author	= {Visual Studio Code},
  url 		= {https://code.visualstudio.com/docs/terminal/basics},
  year		= {2022},
  lastchecked	= {01.12.2022},
}

@website{cap:ov,
  title		= {About CAP},
  author	= {SAP},
  url 		= {https://cap.cloud.sap/docs/about/},
  year		= {2022},
  lastchecked	= {01.12.2022},
}

%%%%   35 %%%%
@website{cap:geui5,
  title		= {Generator-easy-ui5},
  author	= {SAP},
  url 		= {https://github.com/SAP/generator-easy-ui5},
  year		= {2022},
  lastchecked	= {01.12.2022},
}

@website{wiki:nodejs,
  title		= {Node.js},
  author	= {Wikipedia},
  url 		= {https://en.wikipedia.org/wiki/Node.js},
  year		= {2022},
  lastchecked	= {14.12.2022},
}

@website{wiki:sqlite,
  title		= {SQLite},
  author	= {Wikipedia},
  url 		= {https://de.wikipedia.org/wiki/SQLite},
  year		= {2022},
  lastchecked	= {14.12.2022},
}

@website{vsc:fioriext,
  title		= {SAP Fiori Tools - Extension Pack},
  author	= {Visual Studio Marketplace},
  url 		= {https://marketplace.visualstudio.com/items?itemName=SAPSE.sap-ux-fiori-tools-extension-pack},
  year		= {2022},
  lastchecked	= {19.12.2022},
}

@website{vsc:cdsext,
  title		= {SAP CDS Language Support},
  author	= {Visual Studio Marketplace},
  url 		= {https://marketplace.visualstudio.com/items?itemName=SAPSE.vscode-cds},
  year		= {2022},
  lastchecked	= {19.12.2022},
}



%%%%%%%%%%%%%%%%%%%%%%%%%%%%%%%%%%%%%%%%%%%%%%%%%%%%%%%%%%%%%%%%%%%
%%%%%%%%%%%%%%%%%%%%%%%%%%%
%                          legal regulations                             %
%%%%%%%%%%%%%%%%%%%%%%%%%%%

@article{legal:us,
  author	= {FDA, {U.S. Food \& Drug Administration}},
  journal	= {Federal Register}, 
  title		= {Unique Device Identification System; Final Rule}, 
  year		= {2013},
  volume	= {Bd.\,78},
  pages	= {58785--58828},
  number	= {185},
  url		= {https://www.federalregister.gov/d/2013-23059},
}

@article{legal:eu,
  title		= {Regulation (EU) 2017/745 of the European Parliament and of the Council of 5 April 2017 on medical devices, amending Directive 2001/83/EC, Regulation (EC) No 178/2002 and Regulation (EC) No 1223/2009 and repealing Council Directives 90/385/EEC and 93/42/EEC},
  author       = {European Parliament, {Council of the European Union}},
  journal	= {Official Journal of the European Union},
  volume	= {L117},
  pages	= {1--175},
  url		= {http://data.europa.eu/eli/reg/2017/745/oj},
  year		= {2017},
}

@article{legal:de,
  title		= {Medizinprodukte"=EU"=Anpassungsgesetz (MPEUAnpG) -- Gesetz zur Anpassung des Medizinprodukterechts an die Verordnung (EU) 2017/745 und die Verordnung (EU) 2017/746},
  editor	= {BMJV, {Bundesministerium der Justiz und für Verbraucherschutz}},
  journal	= {Bundesgesetzblatt},
  publisher	= {Bundesanzeiger Verlag},
  volume	= {Teil\,I},
  number	= {23},
  pages	= {960--1014},
  url		= {https://www.bgbl.de/xaver/bgbl/start.xav?startbk=Bundesanzeiger_BGBl&jumpTo=bgbl120s0960.pdf},
  year		= {2020},
  label		= {BMJ20},
}

%%%%%%%%%%%%%%%%%%%%%%%%%%%
%                                   UDI                                     %
%%%%%%%%%%%%%%%%%%%%%%%%%%%

@book{udi:ec1,
  author	= {European Commission, {Directorate"=General for Internal Market, Industry, Entrepreneurship and SMEs}},
  title		= {Factsheet for healthcare professionals and health institutions: medical devices, change of legislation},
  publisher	= {Publications Office},
  year		= {2019},
  doi		= {10.2873/761339},
}

%not used anymore
@website{udi:ec2,
  title		= {Medical Devices -- Sector -- Overview},
  author	= {European Commission, {Directorate"=General for Health and Food Safety}},
  url		= {https://health.ec.europa.eu/medical-devices-sector/overview},
  year		= {2022},
  lastchecked	= {27.06.2022},
}

@website{udi:ec3,
  title		= {Medical Devices -- EUDAMED -- Overview},
  author	= {European Commission, {Directorate"=General for Health and Food Safety}},
  url 		= {https://health.ec.europa.eu/medical-devices-eudamed/overview},
  year		= {2022},
  lastchecked	= {13.07.2022},
}

@website{udi:ec4,
  title		= {Unique Device Identifier -- UDI},
  author	= {European Commission, {Directorate"=General for Health and Food Safety}},
  url 		= {https://health.ec.europa.eu/medical-devices-topics-interest/unique-device-identifier-udi},
  year		= {2022},
  lastchecked	= {18.08.2022},
}

@website{udi:ec5,
  title		= {Unique Device Identification (UDI) System under the EU medical devices Regulations 2017/745 and 2017/746},
  author	= {European Commission, {Directorate"=General for Internal Market, Industry, Entrepreneurship and SMEs}},
  url 		= {https://health.ec.europa.eu/system/files/2020-09/md_faq_udi_en_0.pdf},
  year		= {2020},
  lastchecked	= {18.08.2022},
}

@website{udi:ec6,
  title		= {EUDAMED Time line},
  author	= {European Commission, {Directorate"=General for Health and Food Safety}},
  url 		= {https://health.ec.europa.eu/system/files/2022-07/md_eudamed_timeline_en.pdf},
  year		= {2022},
  lastchecked	= {15.07.2022},
}

@website{udi:fda1,
  title		= {UDI Basics},
  author	= {FDA, {U.S. Food \& Drug Administration}},
  url 		= {https://www.fda.gov/medical-devices/unique-device-identification-system-udi-system/udi-basics},
  year		= {2019},
  lastchecked	= {27.06.2022},
}

@website{udi:fda2,
  title		= {Benefits of a UDI System},
  author	= {FDA, {U.S. Food \& Drug Administration}},
  url 		= {https://www.fda.gov/medical-devices/unique-device-identification-system-udi-system/benefits-udi-system},
  year		= {2018},
  lastchecked	= {27.06.2022},
}

@website{udi:fda3,
  title		= {Contact an FDA"=Accredited Issuing Agency},
  author	= {FDA, {U.S. Food \& Drug Administration}},
  url 		= {https://www.fda.gov/medical-devices/unique-device-identification-system-udi-system/contact-fda-accredited-issuing-agency},
  year		= {2021},
  lastchecked	= {18.08.2022},
}

@book{udi:imdrf,
  title		= {Unique Device Identification system (UDI system) Application Guide},
  author	= {IMDRF, {International Medical Device Regulators Forum}},
  url 		= {https://www.imdrf.org/sites/default/files/docs/imdrf/final/technical/imdrf-tech-190321-udi-sag.pdf},
  year		= {2019},
  label		= {IMRF19},
}

@website{udi:ji,
  title		= {Unique Device Identification (UDI)},
  author	= {Tölle, Benedikt},
  url		= {https://www.johner-institut.de/blog/regulatory-affairs/unique-device-identification-udi/},
  year		= {2022},
  lastchecked	= {27.06.2022},
  label		= {Töl22},
}

@website{udi:gs1,
  title		= {Unique Device Identification (UDI) -- Die Anforderungen mit GS1 Standards erfüllen},
  author	= {{GS1 Germany GmbH}},
  url		= {https://www.gs1-germany.de/branchenangebote/gesundheitswesen/udi-umsetzung-mit-gs1-standards/},
  year		= {2022},
  lastchecked	= {27.06.2022},
}

@website{udi:p36,
  title		= {The UDI Challenge},
  author	= {{p36 GmbH}},
  url 		= {https://p36.io/udi-platform/challenge/},
  year		= {2022},
  lastchecked	= {20.08.2022},
}

@book{udi:smp,
  author	= {Mark Hastenteufel and Sina Renaud},
  title		= {Software als Medizinprodukt},
  publisher	= {Springer Vieweg},
  address	= {Wiesbaden},
  year		= {2019},
  doi		= {10.1007/978-3-658-26488-8},
  isbn		= {978-3-658-26487-1},
  edition 	= {1},
}

@website{udi:mp,
  title		= {Was sind Medizinprodukte? -- Definition, Medizinproduktegesetz, Zulassung},
  author	= {Kathrin Schäfer},
  url 		= {https://www.devicemed.de/was-sind-medizinprodukte-definition-medizinproduktegesetz-zulassung-a-726920/},
  year		= {2018},
  lastchecked	= {27.06.2022},
}

@website{udi:de,
  title		= {Was sind Medizinprodukte?},
  author	= {BMG, {Bundesministerium für Gesundheit}},
  url 		= {https://www.bundesgesundheitsministerium.de/themen/gesundheitswesen/medizinprodukte/definition-und-wirtschaftliche-bedeutung.html},
  year		= {2022},
  lastchecked	= {27.06.2022},
}

@website{udi:r,
  title		= {Medical Device Unique Device Identification (UDI)},
  author	= {{Reed Tech}, {A LexisNexis Company}},
  url 		= {https://www.reedtech.com/unique-device-identification-udi/},
  year		= {2020},
  lastchecked	= {27.06.2022},
}

%not used - messy layout of website
@website{udi:cd,
  title		= {UDI – der Countdown beginnt},
  author	= {Fabiola Hartung"=Linz},
  url 		= {https://www.seleon.com/de/regulatory-affairs/udi-der-countdown-beginnt},
  year		= {2020},
  lastchecked	= {28.06.2022},
}

@website{udi:eudamed,
  title		= {EUDAMED: Add my device data},
  author	= {Richard Houlihan},
  url 		= {https://eudamed.com/index.php/2021/08/21/eudamed-database/},
  year		= {2021},
  lastchecked	= {11.08.2022},
}

@website{udi:timelines,
  title		= {Quick reference guide - global medical device UDI requirements and timelines},
  author	= {Bethaney Lentz},
  url 		= {https://www.rimsys.io/blog/quick-reference-guide-global-udi-requirements-and-timelines},
  year		= {2022},
  lastchecked	= {22.08.2022},
}

@article{udi:trace,
  title		= {Unique device identification and traceability for medical software: A major challenge for manufacturers in an ever"=evolving marketplace},
  author	= {Elisabetta Bianchini and Martina Francesconi and Marisa Testa and Maya Tanase and Vincenzo Gemignani},
  journal	= {Journal of Biomedical Informatics},
  volume 	= {Bd.\,93},
  number 	= {103150},
  year		= {2019},
  doi		= {10.1016/j.jbi.2019.103150},
}

@article{udi:start1,
  author	= {Thomas P. Gross and Jay Crowley},
  journal	= {New England Journal of Medicine}, 
  title		= {Unique Device Identification in the Service of Public Health}, 
  year		= {2012},
  volume	= {Bd.\,367},
  pages	= {1583--1585},
  number	= {17},
  doi		= {10.1056/NEJMp1113608},
}

@article{udi:start2,
    author	= {Wilson, Natalia A. and {Drozda Jr}, Joseph P.},
    title	= {Value of Unique Device Identification in the Digital Health Infrastructure},
    journal	= {Journal of the American Medical Association},
    volume	= {Bd.\,309},
    number	= {20},
    pages	= {2107--2108},
    year	= {2013},
    issn	= {0098-7484},
    doi		= {10.1001/jama.2013.5514},
}

@article{udi:sdz,
    author	= {Mauritius Much},
    title	= {Implant Files: Neue EU"=Verordnung, alte Probleme},
    journal	= {Süddeutsche Zeitung vom 27.11.2018},
    volume	= {Jahrgang\,74},
    number	= {273},
    url		= {https://www.sz.de/1.4223924},
    label	= {Muc18},
    type	= {Zeitung}
}

@book{udi:who,
  title		= {Policy paper on traceability of medical products}, 
  author	= {WHO, {World Health Organization}},
  address	= {Genf, Schweiz},
  year 		= {2021},
  isbn 		= {978-92-4-002132-7},
}
%  url		= {https://www.who.int/publications/i/item/policy-paper-on-traceability-of-medical-products},


@book{udi:acatech,
  title		= {Die neue Medical Device Regulation: Auswirkungen, Herausforderungen und Gestaltungsspielräume}, 
  editor	= {Lenarz, Thomas and Requardt, Hermann},
  series	= {acatech IMPULS},
  publisher	= {Deutsche Akademie der Technikwissenschaften},
  address	= {München},
  year 		= {2020},
  isbn 		= {978-3-96834-006-7},
}
%  url		= {https://www.acatech.de/publikation/die-neue-medical-device-regulation/},

@book{udi:int,
  editor	= {Jack Wong and Raymond Kai Yu Tong},
  title 		= {Medical Affairs\nbs-- An International Handbook for Medical Devices and Healthcare Products},
  publisher	= {Jenny Stanford Publishing},
  address	= {Singapur},
  edition 	= {3},
  year 		= {2022},
  isbn 		= {978-981-4877-86-2},
  doi		= {10.1201/9781003207696},
}

@techreport{udi:oracle,
  author	= {Ralf Kittel and Armin Cibulski},
  publisher	= {Oracle}, 
  title		= {Unique Device Identification (UDI)}, 
  year		= {2015},
  type		= {White Paper},
  url		= {https://www.devicemed.de/unique-device-identification-udi-implementierung-d-32870/},
  lastchecked	= {22.08.2022},
}

@techreport{udi:branche:de,
  author	= {Dispan, Jürgen},
  publisher	= {Hans-Böckler-Stiftung}, 
  address	= {Düsseldorf},
  title		= {Branchenanalyse Medizintechnik -- Beschäftigungs"~, Markt"~ und Innovationstrends}, 
  year		= {2020},
  series	= {Working Paper Forschungsförderung},
  number	= {183},
  url		= {https://www.boeckler.de/de/faust-detail.htm?sync_id=HBS-07680},
  lastchecked	= {22.08.2022},
  issn		= {2509-2359},
}

@website{udi:branche:eu,
  title		= {The European Medical Technology Industry in figures 2021},
  author	= {{MedTech Europe}},
  url		= {https://www.medtecheurope.org/wp-content/uploads/2021/06/medtech-europe-facts-and-figures-2021.pdf},
  year		= {2021},
  lastchecked	= {23.08.2022},
}

@website{udi:branche:ww,
  title		= {Der Markt für Medizintechnologien},
  author	= {Manfred Beeres},
  url 		= {https://www.bvmed.de/de/branche/standort-deutschland/branchenstudien},
  publisher	= {Bundesverband Medizintechnologie},
  year		= {2022},
  lastchecked	= {23.08.2022},
}

@article{udi:mdr,
  author	= {Melvin, Tom},
  journal	= {IEEE Journal of Translational Engineering in Health and Medicine}, 
  title		= {The European Medical Device Regulation: What Biomedical Engineers Need to Know}, 
  year		= {2022},
  volume	= {Bd.\,10},
  pages	= {1--5},
  number	= {4800105},
  doi		= {10.1109/JTEHM.2022.3194415},
}

@article{udi:ehr,
 issn		= {0025-7079/14/5201-0026},
 url		= {http://www.jstor.org/stable/24466040},
 author	= {Thomas R. Campion and Stephen B. Johnson and Elizabeth W. Paxton and Alvin I. Mushlin and Art Sedrakyan},
 journal	= {Medical Care},
 number	= {1},
 pages	= {26--31},
 publisher	= {Lippincott Williams \& Wilkins},
 title		= {Implementing Unique Device Identification in Electronic Health Record Systems: Organizational, Workflow, and Technological Challenges},
 volume	= {Bd.\,52},
 year		= {2014},
}

@article{udi:turk,
  title		= {Evaluation of the unique device identification system and an approach for medical device tracking},
  journal	= {Health Policy and Technology},
  volume	= {Bd.\,6},
  number	= {2},
  pages	= {234--241},
  year		= {2017},
  issn		= {2211-8837},
  doi		= {10.1016/j.hlpt.2017.04.003},
  author	= {Tuncay Bayrak and Funda {\"Ozdiler \c{C}opur}},
  label		= {BÖ17}
}

@article{udi:ai,
  author	= {Emilia Niemiec},
  title 		= {Will the EU Medical Device Regulation help to improve the safety and performance of medical AI devices?},
  journal 	= {DIGITAL HEALTH},
  volume 	= {Bd.\,8},
  pages	= {1--8},
  year 		= {2022},
  doi 		= {10.1177/20552076221089079},
}

@article{udi:dove1,
  author	= {James E Tcheng and Miriam V Nguyen and Helen W Brann and Patricia A Clarke and Maureen Pfeiffer and Jane R Pleasants and Gregory W Shelton and Joseph F Kelly},
  journal	= {Medical Devices: Evidence and Research}, 
  title		= {The Medical Device Unique Device Identifier as the Single Source of Truth in Healthcare Enterprises -- Roadmap for Implementation of the Clinically Integrated Supply Chain}, 
  publisher	= {Dovepress},
  year		= {2021},
  volume	= {Bd.\,14},
  pages	= {459--467},
  doi		= {10.2147/MDER.S344132},
}

@article{udi:dove2,
  author	= {Natalia A Wilson and James E Tcheng and Jove Graham and Joseph P {Drozda Jr}},
  journal	= {Medical Devices: Evidence and Research}, 
  title		= {Advancing Patient Safety Surrounding Medical Devices: Barriers, Strategies, and Next Steps in Health System Implementation of Unique Device Identifiers}, 
  publisher	= {Dovepress},
  year		= {2022},
  volume	= {Bd.\,15},
  pages	= {177--186},
  doi		= {10.2147/MDER.S364539},
  label		= {WTG22}
}

@book{udi:roadmap,
  author	= {Mark B. McClellan and Siromi Gardina and Gregory W. Daniel and Dalia Deak and Jonathan Bryan and Craig Streit},
  title 		= {Unique Device Identifiers (UDIs): A Roadmap for Effective Implementation},
  publisher	= {The Brookings Institution -- Engelberg Center for Health Care Reform},
  address	= {Washington, DC},
  year 		= {2014},
  url		= {https://www.brookings.edu/research/unique-device-identifiers-udis-a-roadmap-for-effective-implementation/},
  lastchecked	= {24.08.2022},
}

%%%%%%%%%%%%%%%%%%%%%%%%%%%
%                            Java / JSON                                 %
%%%%%%%%%%%%%%%%%%%%%%%%%%%

@book{java:lifesci,
  author	= {Schaaf, Sebastian and Dörpinghaus, Jens and Weil, Vera},
  title		= {Java für die Life Sciences: Eine Einführung in die angewandte Bioinformatik},
  publisher	= {O'Reilly},
  address	= {Heidelberg},
  year		= {2020},
  isbn		= {978-3-96009-125-7},
  edition 	= {1},
}

@book{java:tut,
  author	= {Raymond Gallardo and Scott Hommel and Sowmya Kannan and Joni Gordon and Sharon Biocca Zakhour},
  title 		= {The Java\textsuperscript{\textregistered} Tutorial: A Short Course on the Basics},
  publisher	= {Addison"=Wesley},
  address	= {Upper Saddle River, NJ},
  year 		= {2014},
  isbn 		= {978-0-13-403408-9},
  edition 	= {6},
}

@book{java:json,
  author	= {Jeff Friesen},
  title		= {Java XML and JSON: Document Processing for Java SE},
  publisher	= {Apress},
  address	= {Berkeley, CA},
  year		= {2019},
  doi		= {10.1007/978-1-4842-4330-5},
  isbn		= {978-1-4842-4329-9},
  edition	= {2},
}

@book{java:cls,
  author	= {Dietmar Abt},
  title		= {Masterkurs Client/Server"=Programmierung mit Java: Anwendungen entwickeln mit Standard"=Technologien},
  publisher	= {Springer Vieweg},
  address	= {Wiesbaden},
  year		= {2022},
  doi		= {10.1007/978-3-658-37200-2},
  isbn		= {978-3-658-37199-9},
  edition	= {6},
}

@article{jql:dm,
  title		= {JSON: Data model and query languages},
  journal	= {Information Systems},
  publisher	= {Elsevier},
  volume	= {Bd.\,89},
  number	= {101478},
  author       = {Pierre Bourhis and Juan L Reutter and Domagoj Vrgo{\v c}},
  year		= {2020},
  doi		= {10.1016/j.is.2019.101478},
}

@article{json:libs1,
  title		= {JSON in Java verarbeiten -- Ein Einstieg in vier JSON"=Bibliotheken für Java},
  journal 	= {JavaSPEKTRUM},
  publisher	= {SIGS Datacom},
  volume	= {Bd.\,1},
  pages	= {54--58},
  author       = {Michael Vitz},
  year		= {2022},
  url		= {https://www.innoq.com/de/articles/2022/02/java-json/},
}

@inproceedings{json:libs2,
  title		= {The Behavioral Diversity of Java JSON Libraries},
  booktitle	= {32nd International Symposium on Software Reliability Engineering (ISSRE) -- Proceedings},
  publisher	= {IEEE},
  address	= {Wuhan,\,China},
  pages	= {412-422},
  author       = {Harrand, Nicolas and Durieux, Thomas and Broman, David and Baudry, Benoit},
  year		= {2021},
  doi		= {10.1109/ISSRE52982.2021.00050},
  isbn		= {978-1-6654-2587-2},
  label		= {HDB21},
}

@mastersthesis{json:yaml,
  title		= {Comparison between JSON and YAML for Data Serialization},
  author	= {Eriksson, Malin and Hallberg, Victor},
  school	= {KTH, School of Computer Science and Communication (CSC)},
  address	= {Stockholm, Schweden},
  year		= {2011},
  type		= {Bachelorarbeit},
  urn		= {https://urn.kb.se/resolve?urn=urn:nbn:se:kth:diva-130815},
}

@book{json:wallace,
  author	= {Jackson, Wallace},
  title 		= {JSON Quick Syntax Reference},
  publisher	= {Apress},
  address	= {Berkeley, CA},
  year 		= {2016},
  isbn 		= {978-1-4842-1862-4},
  doi		= {10.1007/978-1-4842-1863-1},
  edition 	= {1},
}

@inproceedings{json:schema:def,
  author	= {Pezoa, Felipe and Reutter, Juan L. and Suarez, Fernando and Ugarte, Mart\'{\i}n and Vrgo\v{c}, Domagoj},
  title		= {Foundations of JSON Schema},
  booktitle	= {WWW\nbs '16: Proceedings of the 25th International World Wide Web Conference},
  year		= {2016},
  isbn		= {978-1-4503-4143-1},
  publisher	= {International World Wide Web Conferences Steering Committee},
  address	= {Genf, Schweiz},
  doi		= {10.1145/2872427.2883029},
  pages	= {263–273},
  location	= {Montr\'{e}al,\,Kanada},
}

@inproceedings{json:ukr,
  author	= {Spivak, Iryna and Krepych, Svitlana and Litvynchuk, Mykola and Spivak, Serhii},
  booktitle	= {IEEE EUROCON 2021: 19th International Conference on Smart Technologies -- Conference Proceedings}, 
  publisher	= {IEEE},
  address	= {Lviv, Ukraine},
  title		= {Validation and Data Processing in JSON Format}, 
  year		= {2021},
  isbn		= {978-1-6654-3299-3},
  pages	= {326-330},
  doi		= {10.1109/EUROCON52738.2021.9535582}
}

@inproceedings{json:bm1,
  author	= {Vanura, Jan and Kriz, Pavel},
  editor	= {Ferreira, João Eduardo and Spanoudakis, George and Ma, Yutao and Zhang, Liang-Jie},
  title		= {Perfomance Evaluation of Java, JavaScript and PHP Serialization Libraries for XML, JSON and Binary Formats},
  booktitle	= {Services Computing -- SCC 2018, 15th International Conference},
  location	= {Seattle,\,WA},
  series	= {Lecture Notes in Computer Science},
  number	= {10969},
  year		= {2018},
  publisher	= {Springer},
  address	= {Cham, Schweiz},
  pages	= {166--175},
  isbn		= {978-3-319-94376-3},
  doi		= {10.1007/978-3-319-94376-3\_11},
  type		= {Konferenzband}
}

@website{json:bm2,
  title		= {Benchmark of Java JSON libraries},
  author	= {Fabien Renaud},
  url		= {https://github.com/fabienrenaud/java-json-benchmark},
  year		= {2021},
  lastchecked	= {26.08.2022},
}  

@website{poi:alt,
  title		= {Top 2 Alternatives To Apache POI Library That Can Actually Make Your Life Better.},
  author	= {Varsha Rajput},
  url		= {https://automationqahub.com/top-2-alternatives-to-apache-poi-library-that-can-actually-make-your-life-better/},
  year		= {2021},
  lastchecked	= {27.08.2022},
}  

@article{json:iq,
  author	={Florescu, Daniela and Fourny, Ghislain},
  journal	={IEEE Internet Computing}, 
  title		={JSONiq: The History of a Query Language}, 
  year		={2013},
  volume	={Bd.\,17},
  number	={5},
  pages	={86-90},
  doi		={10.1109/MIC.2013.97}
}

  
%%%%%%%%%%%%%%%%%%%%%%%%%%%
%                      (Java Library) Specs                           %
%%%%%%%%%%%%%%%%%%%%%%%%%%%

@website{poi,
  title		= {POI-HSSF and POI-XSSF/SXSSF -- Java API To Access Microsoft Excel Format Files},
  author	= {Oliver, Andrew C. and Barozzi, Nicola Ken },
  url 		= {https://poi.apache.org/components/spreadsheet/index.html},
  year		= {2022},
  lastchecked	= {07.07.2022},
}

@website{jackson,
  title		= {Jackson Project Home @github},
  author	= {FasterXML, LLC},
  url		= {https://github.com/FasterXML/jackson},
  year		= {2022},
  lastchecked	= {07.07.2022},
}

@website{slf4j,
  title		= {Simple Logging Facade for Java (SLF4J)},
  author	= {QOS.ch},
  url		= {https://www.slf4j.org/index.html},
  year		= {2022},
  lastchecked	= {07.07.2022},
}

@website{lombok,
  title		= {Project Lombok -- features},
  author	= {Reinier Zwitserloot and Roel Spilker},
  url		= {https://projectlombok.org/features/},
  year		= {2022},
  lastchecked	= {24.08.2022},
}

@book{jsonpointer,
  publisher		= {RFC\,6901},
  doi 			= {10.17487/RFC6901},
  editor		= {Paul C. Bryan and Kris Zyp and Mark Nottingham},
  title 			= {JavaScript Object Notation (JSON) Pointer},
  year 			= {2013},
}

@website{jsonpath,
  title		= {JSONPath -- XPath for JSON},
  author	= {Stefan Gössner},
  url		= {https://goessner.net/articles/JsonPath/},
  year		= {2007},
  lastchecked	= {20.07.2022},
  label		= {Gös07},
}
@website{jayway,
  title		= {Jayway JsonPath},
  url		= {https://github.com/json-path/JsonPath},
  year		= {2022},
  lastchecked	= {10.08.2022},
}

@website{jmespath,
  title		= {JMESPath Specification},
  author	= {James Saryerwinnie},
  url		= {https://jmespath.org/specification.html},
  year		= {2015},
  lastchecked	= {20.07.2022},
}

@website{jsonata,
  title		= {JSONata Documentation},
  author	= {JSONata.org},
  url		= {https://docs.jsonata.org/overview.html},
  year		= {2021},
  lastchecked	= {07.07.2022},
}
@website{jsonata:java,
  author	= {IBM, {International Business Machines}},
  title		= {JSONata4Java},
  url		= {https://github.com/IBM/JSONata4Java},
  year		= {2022},
  lastchecked	= {20.07.2022},
}

@website{jq,
  title		= {jq Manual (development version)},
  author	= {Stephen Dolan and others},
  url		= {https://stedolan.github.io/jq/manual/},
  year		= {2022},
  lastchecked	= {20.07.2022},
  label		= {Dol22},
}

@website{jsoniq,
  title		= {JSONiq},
  author	= {Jonathan Robie and Ghislain Fourny and Matthias Brantner and Daniela Florescu and Till Westmann and Markos Zaharioudakis},
  url		= {https://www.jsoniq.org/docs/JSONiq/webhelp/index.html},
  year		= {2020},
  lastchecked	= {21.07.2022},
}

@website{mongo,
  title		= {MongoDB Manual -- Query Documents},
  author	= {MongoDB, Inc.},
  url		= {https://www.mongodb.com/docs/manual/tutorial/query-documents/},
  year		= {2022},
  lastchecked	= {21.07.2022},
}

@website{yaml,
  title		= {YAML Ain't Markup Language (YAML\texttrademark) Version\nbs1.\nbs-- Revision\nbs1.2.2},
  author	= {Ingy {döt Net} and Tina Müller and Pantelis Antoniou and Eemeli Aro and Thomas Smith},
  year		= {2021},
  url		= {https://yaml.org/spec/1.2.2/},
  lastchecked	= {12.08.2022},
  label		= {NMA21},
}

@book{json:rfc,
  publisher		= {RFC\,8259},
  doi 			= {10.17487/RFC8259},
  editor		= {Tim Bray},
  title			= {The JavaScript Object Notation (JSON) Data Interchange Format},
  year			= {2017},
}

@book{json:schema,
  author	= {Michael Droettboom and others},
  title		= {Understanding JSON Schema -- Release 2020-12},
  publisher	= {Space Telescope Science Institute},
  year		= {2022},
  url		= {https://json-schema.org/understanding-json-schema/UnderstandingJSONSchema.pdf},
  lastchecked	= {24.08.2022},
  label		= {Dro22},
}


%%%%%%%%%%%%%%%%%%%%%%%%%%%
%                          GxP / Testing                                 %
%%%%%%%%%%%%%%%%%%%%%%%%%%%

@website{gxp,
  title		= {GxP"=Compliance -- ein kurzer Überblick},
  author	= {SailPoint Technologies, Inc.},
  url		= {https://www.sailpoint.com/de/identity-library/gxp-compliance-ein-kurzer-uberblick/},
  year		= {2022},
  lastchecked	= {09.08.2022},
  label		= {Sai22},
}

@book{gxp:gamp,
  editor	= {ISPE, {International Society for Pharmaceutical Engineering}},
  title 		= {GAMP\textsuperscript{\textregistered}5: A Risk-Based Approach to Compliant GxP Computerized Systems},
  address	= {Tampa, FL},
  edition 	= {2},
  year 		= {2022},
  isbn 		= {978-1-946964-57-1},
  label		= {ISPE22}
}

@book{test:quali,
  author	= {Kleuker, Stephan},
  title 		= {Qualitätssicherung durch Softwaretests: Vorgehensweisen und Werkzeuge zum Testen von Java-Programmen},
  publisher	= {Springer Vieweg},
  address	= {Wiesbaden},
  edition 	= {2},
  year 		= {2019},
  isbn 		= {978-3-658-24885-7},
  doi		= {10.1007/978-3-658-24886-4},
}

@book{test:junit,
  author	= {Frank Westphal},
  title 		= {Testgetriebene Entwicklung mit JUnit \& FIT -- Wie Software änderbar bleibt},
  publisher	= {dpunkt.verlag},
  address	= {Heidelberg},
  year 		= {2006},
  isbn 		= {978-3-89864-996-4},
  edition 	= {1},
}

%%%%%%%%%%%%%%%%%%%%%%%%%%%
%                              Evaluation                                 %
%%%%%%%%%%%%%%%%%%%%%%%%%%%

@book{eval:sta,
  editor	= {DeGEval, {Gesellschaft für Evaluation}},
  title 		= {Standards für Evaluation -- Erste Revision},
  address	= {Mainz},
  year 		= {2016},
  isbn 		= {978-3-941569-06-5},
  label		= {DGE16},
}
%  url	 	= {https://www.degeval.org/fileadmin/Publikationen/DeGEval-Standards_fuer_Evaluation.pdf},

@website{eval:bm1,
  title		= {The JSONata Performance Dilemma},
  author	= {Cody Zuschlag},
  url		= {https://www.nearform.com/blog/the-jsonata-performance-dilemma/},
  year		= {2020},
  lastchecked	= {24.08.2022},
}

@website{eval:bm2,
  title		= {JSON Query Languages},
  url		= {https://www.measurethat.net/Benchmarks/Show/20654},
  year		= {2022},
  lastchecked	= {27.08.2022},
  label		= {mt22},
}

@techreport{eval:meth,
 title = {Methoden zur Evaluation von Software},
 author = {Hegner, Marcus},
 year = {2003},
 series = {IZ-Arbeitsbericht},
 number = {29},
 address = {Bonn},
 publisher = {Informationszentrum Sozialwissenschaften},
 issn = {1431-6943},
 urn = {https://nbn-resolving.org/urn:nbn:de:0168-ssoar-50730-9},
}

%%%%%%%%%%%%%%%%%%%%%%%%%%%
%                      Einordnung der Arbeit                         %
%%%%%%%%%%%%%%%%%%%%%%%%%%%

@website{eda:conv1,
  title		= {JSON to Excel Conversion Using Jackson and Apache POI},
  author	= {Dsforgood},
  url		= {https://medium.com/@dsforgood/json-to-excel-conversion-using-jackson-and-apache-poi-40c2a9c10a0c},
  year		= {2022},
  lastchecked	= {11.08.2022},
}

@website{eda:conv2,
  title		= {Convert JSON to Excel in Java},
  author	= {Ranjan Kumar},
  url		= {https://javacodepoint.com/convert-json-to-excel-in-java-using-apache-poi-and-jackson/},
  year		= {2022},
  lastchecked	= {11.08.2022},
}

@website{eda:conv3,
  title		= {Converting JSON to CSV in Java},
  author	= {Baeldung},
  url		= {https://www.baeldung.com/java-converting-json-to-csv},
  year		= {2021},
  lastchecked	= {11.08.2022},
}
 
@inproceedings{eda:china,
  author	= {She, Xiangfei and Zheng, Yongchun},
  booktitle	= {International Conference on Intelligent Transportation, Big Data \& Smart City (ICITBS) -- Proceedings}, 
  title		= {An Automatic Page Code Generation Method Based on Excel Template and Poi Technology}, 
  year		= {2020},
  address	= {Vientiane, Laos},
  pages	= {560-564},
  doi		= {10.1109/ICITBS49701.2020.00123},
}

@article{eda:india,
  author 	= {Bawankule, Kamalakant L. and Raut, Nitin B.},
  year		= {2014},
  pages	= {58-65},
  title		= {Design and implementation of massive MYSQL data intelligent export system to excel by using Apache-POI libraries},
  volume	= {Bd.\,16},
  number	= {5, Version\,IV},
  journal	= {IOSR Journal of Computer Engineering},
  issn		= {2278-8727},
  doi		= {10.9790/0661-16545865},
}

@inproceedings{eda:serbia,
  author	= {Od\v{z}i\'{c}, Irena and Proti\'{c}, Jelica},
  booktitle	= {International Conference on Education and Management Technology (ICEMT) -- Proceedings}, 
  title		= {Development of electronic forms and a Java parser for processing data about University teaching stuff in accreditation process}, 
  year		= {2010},
  address	= {Kairo, Ägypten},
  pages	= {92-96},
  doi		= {10.1109/ICEMT.2010.5657539}
}

@book{eda:mt,
  editor	= {Rüdiger Kramme},
  title		= {Medizintechnik: Verfahren -- Systeme -- Informationsverarbeitung},
  series	= {Springer Reference Technik},
  publisher	= {Springer},
  address	= {Berlin},
  year		= {2017},
  isbn		= {978-3-662-48770-9},
  edition	= {5},
  doi		= {10.1007/978-3-662-48771-6},
}

@book{eda:journ,
  editor	= {Leonelli, Sabina and Tempini, Niccol\`{o}},
  title		= {Data Journeys in the Sciences},
  publisher	= {Springer},
  address	= {Cham, Schweiz},
  year		= {2020},
  isbn		= {978-3-030-37176-0},
  edition	= {1},
  doi		= {10.1007/978-3-030-37177-7},
}

@book{eda:soft,
  editor	= {Lee Harland and Mark Forster},
  title		= {Open Source Software in Life Science Research -- Practical Solutions to Common Challenges in the Pharmaceutical Industry and Beyond},
  publisher	= {Woodhead Publishing},
  address	= {Cambridge, England},
  year 		= {2012},
  series 	= {Woodhead Publishing Series in Biomedicine},
  volume	= {16},
  isbn 		= {978-1-907568-97-8},
  doi 		= {10.1533/9781908818249},
}


%%%%%%%%%%%%%%%%%%%%%%%%%%%
%                                  Scrum                                   %
%%%%%%%%%%%%%%%%%%%%%%%%%%%

@book{scrum:kurz,
  author	= {Dräther, Rolf and Koschek, Holger and Sahling, Carsten},
  title		= {Scrum -- kurz \& gut},
  publisher	= {O'Reilly},
  address	= {Heidelberg},
  year		= {2019},
  isbn		= {978-3-96010-252-6},
  edition	= {2},
}

@book{scrum:praxis,
  author	= {Röpstorff, Sven and Wiechmann, Robert},
  title		= {Scrum in der Praxis: Erfahrungen, Problemfelder und Erfolgsfaktoren},
  publisher	= {dpunkt.verlag},
  address	= {Heidelberg},
  year		= {2015},
  isbn		= {978-3-86491-770-7},
  edition	= {2},
}

@book{scrum:erfolg,
  author	= {Simschek, Roman and Kaiser, Fabian},
  title		= {SCRUM: Das Erfolgsphänomen einfach erklärt},
  publisher	= {UVK Verlag},
  address	= {Tübingen},
  year		= {2021},
  isbn		= {978-3-7398-8112-6},
  edition	= {3},
  doi		= {10.2357/9783739804675},
}

@book{scrum:boris,
  author	= {Boris Gloger},
  title		= {Scrum -- Produkte zuverlässig und schnell entwickeln},
  publisher	= {Carl Hanser Verlag},
  address	= {München},
  year		= {2016},
  isbn		= {978-3-446-44723-3},
  edition	= {5},
  doi		= {10.3139/9783446448360},
}

@book{scrum:art,
  author	= {Dave McKenna},
  title		= {The Art of Scrum: How Scrum Masters Bind Dev Teams and Unleash Agility},
  publisher	= {Apress},
  address	= {Berkeley, CA},
  year		= {2016},
  doi		= {10.1007/978-1-4842-2277-5},
  isbn		= {978-1-4842-2276-8},
  edition 	= {1},
}

@book{scrum:history,
  author	= {Jeff Sutherland},
  title		= {Scrum -- the art of doing twice the work in half the time},
  publisher	= {Crown Business},
  address	= {New York, NY},
  year		= {2014},
  isbn		= {978-0-385-34646-7},
  edition 	= {1},
}

@book{scrum:retro,
  author	= {Caroli, Paulo and Caetano Coimbra, Tainã},
  title		= {FunRetrospectives: activities and ideas for making agile retrospectives more engaging},
  publisher	= {Editora Caroli},
  year		= {2020},
  isbn		= {978-6-5866-6007-4},
  label		= {CC20},
  edition 	= {1},
}

@website{scrum:bw,
  title		= {Agiles Projektmanagement -- So funktioniert Scrum: Rollen, Regeln, Methoden},
  author	= {Jürgen Fleig},
  url		= {https://www.business-wissen.de/artikel/so-funktioniert-scrum-rollen-regeln-methoden/},
  year		= {2022},
  lastchecked	= {29.06.2022},
}

@website{scrum:dno,
  title		= {Was ist Scrum? -- Eine kompakte Einführung in die Scrum Methode},
  author	= {Andreas Diehl},
  url		= {https://digitaleneuordnung.de/blog/scrum-methode/},
  year		= {2019},
  lastchecked	= {29.06.2022},
}

@website{scrum:4l,
  title		= {Die 4L Methode: Informationen über den Sprint sammeln},
  author	= {Laura Farnschläder},
  url		= {https://nativdigital.com/retro-methoden-4l/},
  year		= {2020},
  lastchecked	= {30.06.2022},
}

@website{scrum:4loriginal,
  title		= {The 4L's: A Retrospective Technique},
  author	= {Mary Gorman and Ellen Gottesdiener},
  url		= {https://www.ebgconsulting.com/blog/the-4ls-a-retrospective-technique/},
  year		= {2010},
  lastchecked	= {16.08.2022},
}

@misc{scrum:guide,
  author	= {Schwaber, Ken and Sutherland, Jeff},
  title		= {The Scrum Guide}, 
  year		= {2020},
  url		= {https://scrumguides.org/docs/scrumguide/v2020/2020-Scrum-Guide-US.pdf},
  lastchecked	= {14.08.2022}
}

@book{scrum:ian,
  author	= {Ian Sommerville},
  title		= {Software Engineering},
  publisher	= {Pearson},
  address	= {Harlow, England},
  edition	= {10},
  year		= {2016},
  isbn		= {978-1-292-09613-1},
}

@book{scrum:cohn,
  author	= {Mike Cohn},
  title		= {Succeeding With Agile: Software Development Using Scrum},
  publisher	= {Addison"=Wesley},
  address	= {Boston, MA},
  year		= {2009},
  isbn		= {978-0-321-57936-2},
  edition 	= {1},
}

